%  a sample bibliography file
%

% http://stackoverflow.com/questions/7861903/what-are-the-benefits-of-applicative-parsing-over-monadic-parsing
% [BitC](www.cs.jhu.edu/~swaroop/aplas.pdf)
% [STEPS](http://www.vpri.org/pdf/tr2008004_steps08.pdf) 
% [Water](http://www.informit.com/articles/article.aspx?p=27567)
% [Mathematica](https://mathematica.stackexchange.com/questions/2335/metaprogramming-in-mathematica)
% [Julia](https://julialang.org)

@book{Cite,
  author   = "Anonymous",
  title    = "Citation Needed",
  publisher= "N/A",
  year     = 1900
}

@article{BitC,
  author   = "Shapiro et al",
  title    = "Sound and Complete Type Inference in a Systems Language",
  journal    = "TBD",
  publisher= "TBD",
  url = "www.cs.jhu.edu/~swaroop/aplas.pdf",
  year     = 1900
}

@online{CLang,
  author   = "TBD",
  title    = "CLang",
  year     = 2000
}

@online{Forth,
  author   = "TBD",
  title    = "Forth",
  year     = 2000
}

@online{LeftFold,
  author   = "TBD",
  title    = "LeftFold",
  year     = 2000
}


@online{Liebniz,
  author   = "TBD",
  title    = "Liebniz",
  year     = 2000
}

@online{Lisp,
  author   = "TBD",
  title    = "Lisp",
  year     = 2000
}

@online{Lua,
  author   = "TBD",
  title    = "Lua",
  year     = 2000
}


@book{Scheme,
  author   = "G. Sussman, H. Abelson",
  title    = "Structure and Interpretation of Computer Programs",
  publisher= "MIT Press",
  year     = 1980
}

@online{Self,
  author   = "TBD",
  title    = "Self",
  year     = 2000
}

@article{Shapiro:EffectTyping,
  author   = "Shapiro et al",
  title    = "Sound and Complete Type Inference in a Systems Language",
  journal    = "TBD",
  publisher= "TBD",
  year     = 2000
}

@online{TypeScript,
  author   = "TBD",
  title    = "TypeScript",
  year     = 2000
}

@online{TypeScript,
  author   = "TBD",
  title    = "TypeScript",
  year     = 2000
}

@book{UNIXShell,
  author   = "Stub",
  title    = "Stub",
  publisher= "Stub",
  year     = 1900
}

@misc{WinNT,
  title = {{MS Windows NT} Kernel Description},
  howpublished = {\url{http://web.archive.org/web/20080207010024/http://www.808multimedia.com/winnt/kernel.htm}},
  note = {Accessed: 2010-09-30}
}

@online{WinNT,
  author = {MultiMedia LLC},
  title = {{MS Windows NT} Kernel Description},
  year = 1999,
  url = {http://web.archive.org/web/20080207010024/http://www.808multimedia.com/winnt/kernel.htm},
  urldate = {2010-09-30}
}
